<record><leader>00000cas a22000007a 4500</leader><controlfield tag="001">30829341</controlfield><controlfield tag="008">940726d19941995nyumr ne      0    0eng d</controlfield><datafield ind1=" " ind2=" " tag="010"><subfield code="a">sn 94057640 </subfield></datafield><datafield ind1=" " ind2=" " tag="040"><subfield code="a">NYG</subfield><subfield code="b">eng</subfield><subfield code="c">NYG</subfield><subfield code="d">OCLCQ</subfield></datafield><datafield ind1=" " ind2=" " tag="042"><subfield code="a">msc</subfield></datafield><datafield ind1="0" ind2="0" tag="245"><subfield code="a">Fort Ann post.</subfield></datafield><datafield ind1=" " ind2=" " tag="260"><subfield code="a">Fort Ann, N.Y. :</subfield><subfield code="b">Michael P. Klein</subfield></datafield><datafield ind1=" " ind2=" " tag="300"><subfield code="a">v.</subfield></datafield><datafield ind1=" " ind2=" " tag="310"><subfield code="a">Monthly</subfield></datafield><datafield ind1="1" ind2=" " tag="362"><subfield code="a">Began in 1994? Ceased in 1995.</subfield></datafield><datafield ind1=" " ind2=" " tag="588"><subfield code="a">Description based on: No. 3 (July 1994).</subfield></datafield><datafield ind1=" " ind2="4" tag="651"><subfield code="a">Fort Ann (N.Y.)</subfield><subfield code="v">Newspapers.</subfield></datafield><datafield ind1=" " ind2="4" tag="651"><subfield code="a">Washington County (N.Y.)</subfield><subfield code="v">Newspapers.</subfield></datafield><datafield ind1=" " ind2=" " tag="752"><subfield code="a">United States</subfield><subfield code="b">New York</subfield><subfield code="c">Washington</subfield><subfield code="d">Fort Ann.</subfield></datafield><datafield ind1="0" ind2="7" tag="785"><subfield code="t">Fort Edward post</subfield></datafield><datafield ind1="0" ind2="7" tag="785"><subfield code="t">Outpost (Fort Ann, N.Y.)</subfield><subfield code="w">(DLC)sn 95071246</subfield></datafield><datafield ind1="1" ind2=" " tag="029"><subfield code="a">AU@</subfield><subfield code="b">000025904933</subfield></datafield></record>